@online{amazonwebservices,
    title = "Amazon Web Services",
    url = "https://aws.amazon.com",
}
@online{apachehadoop,
    title = "Apache Hadoop",
    url = "http://hadoop.apache.org/",
}
@online{apachespark2014,
    title = "GraySort on Apache Spark by Databricks",
    url = "http://sortbenchmark.org/ApacheSpark2014.pdf",
}
@online{apacheflink,
    title = "Apache Flink",
    url = "http://flink.apache.org",
}
@online{awscli,
    title = "AWS Command Line Interface",
    url = "https://aws.amazon.com/cli/",
}
@online{awsreducedredundancystorage,
    title = "AWS Reduced Redundancy Storage",
    url = "https://aws.amazon.com/s3/reduced-redundancy/",
}
@online{cloudsort,
    title = "CloudSort",
    url = "http://sortbenchmark.org/2014_06_CloudSort_v_0_4.pdf",
}
@online{flink-1.1.1,
    title = "flink-1.1.1",
    url = "http://www.apache.org/dyn/closer.lua/flink/flink-1.1.1/flink-1.1.1-bin-hadoop1-scala_2.10.tgz",
}
@online{flink-cloudsort,
    title = "flink-cloudsort",
    url = "https://github.org/greghogan/flink-cloudsort",
}
@online{flink-forward,
    title = "Flink Forward",
    url = "http://flink-forward.org/",
}
@online{gensort,
    title = "gensort",
    url = "http://www.ordinal.com/gensort.html",
}
@online{gnuparallel,
    title = "GNU Parallel",
    url = "https://www.gnu.org/software/parallel",
}
@online{googlecloudplatform,
    title = "Google Cloud Platform",
    url = "https://cloud.google.com",
}
@online{intel-sha-extensions,
    title = "Intel SHA Extensions",
    url = "https://software.intel.com/en-us/articles/intel-sha-extensions",
}
@online{tritonsort2014,
    author = "Michael Conley and Amin Vahdat and George Porter",
    title = "TritonSort 2014",
    url = "http://sortbenchmark.org/TritonSort2014.pdf",
    year = 2014
}
@online{tritonsort2015,
    author = "Michael Conley and Amin Vahdat and George Porter",
    title = "Sorting 100 TB on Google Compute Engine",
    url = "http://cseweb.ucsd.edu/~gmporter/papers/themis-gce15-tr.pdf",
    year = 2015
}
